<record><leader>00000cas a22000007a 4500</leader><controlfield tag="001">29688160</controlfield><controlfield tag="008">940126d19701979okuwr ne      0    0eng d</controlfield><datafield ind1=" " ind2=" " tag="010"><subfield code="a">sn 94058713 </subfield></datafield><datafield ind1=" " ind2=" " tag="040"><subfield code="a">OBN</subfield><subfield code="b">eng</subfield><subfield code="c">OBN</subfield><subfield code="d">OCL</subfield><subfield code="d">OCLCQ</subfield></datafield><datafield ind1=" " ind2=" " tag="042"><subfield code="a">msc</subfield></datafield><datafield ind1="0" ind2=" " tag="130"><subfield code="a">Reporter (Westville, Okla.)</subfield></datafield><datafield ind1="1" ind2="4" tag="245"><subfield code="a">The Reporter.</subfield></datafield><datafield ind1=" " ind2=" " tag="260"><subfield code="a">Westville, Adair County, Okla. :</subfield><subfield code="b">Banzett Press</subfield></datafield><datafield ind1=" " ind2=" " tag="300"><subfield code="a">v.</subfield></datafield><datafield ind1=" " ind2=" " tag="310"><subfield code="a">Weekly</subfield></datafield><datafield ind1="0" ind2=" " tag="362"><subfield code="a">Vol. 21, no. 22 (Sept. 3, 1970)-v. 30, no. 21 (Aug. 16, 1979).</subfield></datafield><datafield ind1=" " ind2="4" tag="651"><subfield code="a">Westville (Okla.)</subfield><subfield code="v">Newspapers.</subfield></datafield><datafield ind1=" " ind2="4" tag="651"><subfield code="a">Adair County (Okla.)</subfield><subfield code="v">Newspapers.</subfield></datafield><datafield ind1=" " ind2=" " tag="752"><subfield code="a">United States</subfield><subfield code="b">Oklahoma</subfield><subfield code="c">Adair</subfield><subfield code="d">Westville.</subfield></datafield><datafield ind1="0" ind2="0" tag="780"><subfield code="t">Westville reporter (Westville, Okla. : 1950)</subfield><subfield code="w">(DLC)sn 94058712</subfield><subfield code="w">(OCoLC)29687728</subfield></datafield><datafield ind1="0" ind2="0" tag="785"><subfield code="t">Westville reporter (Westville, Okla. : 1979)</subfield><subfield code="w">(DLC)sn 94058714</subfield><subfield code="w">(OCoLC)29688352</subfield></datafield><datafield ind1="1" ind2=" " tag="029"><subfield code="a">AU@</subfield><subfield code="b">000010824399</subfield></datafield></record>